<record><leader>00000cas a22000007a 4500</leader><controlfield tag="001">14218149</controlfield><controlfield tag="008">860915d19521973mtudn ne      0    0eng d</controlfield><datafield ind1=" " ind2=" " tag="010"><subfield code="a">sn 86075325 </subfield></datafield><datafield ind1=" " ind2=" " tag="040"><subfield code="a">MTL</subfield><subfield code="b">eng</subfield><subfield code="c">MTL</subfield><subfield code="d">OCLCQ</subfield></datafield><datafield ind1=" " ind2=" " tag="042"><subfield code="a">msc</subfield></datafield><datafield ind1="0" ind2="0" tag="245"><subfield code="a">Daily Ravalli Republican.</subfield></datafield><datafield ind1=" " ind2=" " tag="260"><subfield code="a">Hamilton, Mont. :</subfield><subfield code="b">[s.n.],</subfield><subfield code="c">1952-1973.</subfield></datafield><datafield ind1=" " ind2=" " tag="300"><subfield code="a">v. :</subfield><subfield code="b">ill.</subfield></datafield><datafield ind1=" " ind2=" " tag="310"><subfield code="a">Daily (except Sat. &amp; Sun.)</subfield></datafield><datafield ind1="0" ind2=" " tag="362"><subfield code="a">Vol. 59, no. 27 (Feb. 7, 1952)-v. 85, no. 104 (May 25, 1973).</subfield></datafield><datafield ind1=" " ind2=" " tag="752"><subfield code="a">United States</subfield><subfield code="b">Montana</subfield><subfield code="c">Ravalli</subfield><subfield code="d">Hamilton.</subfield></datafield><datafield ind1="0" ind2="0" tag="780"><subfield code="t">Ravalli Republican (Hamilton, Mont. : Daily : 1942)</subfield><subfield code="w">(DLC)sn 86075326</subfield></datafield><datafield ind1="0" ind2="0" tag="785"><subfield code="t">Ravalli daily republic</subfield><subfield code="w">(DLC)sn 86075327</subfield></datafield><datafield ind1="1" ind2=" " tag="029"><subfield code="a">AU@</subfield><subfield code="b">000025804171</subfield></datafield></record>